% This file was created with JabRef 2.6.
% Encoding: Cp1252

@article{granovetter73,
    author  = "Mark S. Granovetter",
    title   = "The Strong of Weak Ties",
    year    = "1973",
    journal = "TUGBoat",
    volume  = "14",
    number  = "3",
    pages   = "342--351"
}
 
 @misc{wiki:enciclopedia,
   author = "Wikipedia",
   title = "Enciclopedia -  Wikipedia{,} L'enciclopedia libera",
   year = "2012",
   url = "\url{//it.wikipedia.org/w/index.php?title=Enciclopedia&oldid=52178139}",
   note = "[Online; in data 23-novembre-2012]"
 }

 @misc{wiki:disambigua,
   author = "Wikipedia",
   title = "The Newsroom - Wikipedia{,} L'enciclopedia libera",
   year = "2012",
   url = "\url{//it.wikipedia.org/w/index.php?title=The_Newsroom&oldid=50711968}",
   note = "[Online; in data 23-novembre-2012]"
 }

